<?xml version="1.0" encoding="UTF-8"?><record xmlns="http://www.loc.gov/MARC21/slim" xmlns:cinclude="http://apache.org/cocoon/include/1.0" xmlns:zs="http://www.loc.gov/zing/srw/">
  <leader>00560nz  a2200169n  4500</leader>
  <controlfield tag="001">n  82096150 </controlfield>
  <controlfield tag="003">DLC</controlfield>
  <controlfield tag="005">19840322000000.0</controlfield>
  <controlfield tag="008">821013n| acannaab|          |a aaa |||  </controlfield>
  <datafield tag="010" ind1=" " ind2=" ">
    <subfield code="a">n  82096150 </subfield>
  </datafield>
  <datafield tag="040" ind1=" " ind2=" ">
    <subfield code="a">DLC</subfield>
    <subfield code="c">DLC</subfield>
  </datafield>
  <datafield tag="100" ind1="1" ind2="0">
    <subfield code="a">Nota, John H.</subfield>
    <subfield code="q">(John Hille),</subfield>
    <subfield code="d">1913-</subfield>
  </datafield>
  <datafield tag="400" ind1="1" ind2="0">
    <subfield code="w">nna</subfield>
    <subfield code="a">Nota, Johannes Hille,</subfield>
    <subfield code="d">1913-</subfield>
  </datafield>
  <datafield tag="400" ind1="1" ind2="0">
    <subfield code="a">Nota, J.</subfield>
    <subfield code="q">(John),</subfield>
    <subfield code="d">1913-</subfield>
  </datafield>
  <datafield tag="400" ind1="1" ind2="0">
    <subfield code="a">Nota, J. H.</subfield>
    <subfield code="q">(John Hille),</subfield>
    <subfield code="d">1913-</subfield>
  </datafield>
  <datafield tag="670" ind1=" " ind2=" ">
    <subfield code="a">His Max Scheler, 1947.</subfield>
  </datafield>
  <datafield tag="670" ind1=" " ind2=" ">
    <subfield code="a">His Max Scheler, the man and his work, 1982:</subfield>
    <subfield code="b">CIP t.p. (John H. Nota, S.J., prof. of philosophy at Brock U.)</subfield>
  </datafield>
</record>